
@article{linetrace,
	Author = {Ib{\'a}{\~n}ez, Luis and Hamitouche, Chafia{\^a} and Roux, Christian},
	Journal = {IEEE Transactions on Visualization and Computer Graphics},
	Number = {2},
	Pages = {97-108},
	Title = {A Vectorial Algorithm for Tracing Descrete Straight Lines in N-Dimensional Generalized Grids},
	Volume = {7},
	Year = {2001}}

@book{i2amr,
	Author = {Siegwart, Roland and Nourbakhsh, Illah R. and Scaramuzza, Davide},
	Edition = {2nd},
	Publisher = {The MIT Press},
	Title = {Introduction to Autonomous Mobile Robots},
	Year = {2011}}

@book{i2ml,
	Author = {Alpaydin, Ethem},
	Edition = {2nd},
	Publisher = {The MIT Press},
	Title = {Introduction to Machine Learning},
	Year = {2010}}

@book{ttml,
	Author = {Trappenberg, Thomas P.},
	Title = {Machine Learning with Robotics: CSCI 4155/6505 2012},
	Year = {2012}}

@book{prbts,
	Author = {Thrun, Sebastian and Burgard, Wolfram and Fox, Dieter},
	Publisher = {The MIT Press},
	Title = {Probilistic Robotics},
	Year = {2006}}
